@online{BTS,
    author = "Bureau of Transportation Statistics",
    title = "Reporting Carrier On-Time Performance (1987-present)",
    url  = "https://www.transtats.bts.gov/DL_SelectFields.asp?Table_ID=236",
    addendum = "(acessado: 13.09.2020)"
}

@online{FAA,
    author = "Federal Aviation Administration",
    title = "FAA Registry",
    url  = "https://registry.faa.gov/aircraftinquiry/nnum_inquiry.aspx",
    addendum = "(acessado: DD.MM.AAAA)"
}

@online{github,
    author = "Michels, Igor Patrício and Junqueira, Igor Cortes and Prado, João Vinícius Primaki and Cardoso, Anne Beatriz",
    title = "Domestics Flights USA",
    url  = "https://github.com/IgorMichels/USA_Flights"
}

@online{github2,
    author = "Michels, Igor Patrício and Junqueira, Igor Cortes",
    title = "Domestics Flights USA - Graph",
    url  = "https://github.com/IgorMichels/USA_Flights_Graphs"
}

@online{github3,
    author = "Souza, Renato Rocha",
    title = "Databases Course",
    url  = "https://github.com/rsouza/Databases_Course/"
}